@OTHER{NIHNotice2007,
author = {Bravo, Norka Ruiz and Gottesman, Michael},
title = {{Notice Number: NOT-OD-08-017}},
month = nov,
year = {2007},
url = {http://grants.nih.gov/grants/guide/notice-files/NOT-OD-08-017.html}
}
